@article{tsai,
	author={R. Y. Tsai},
	title={Versatile camera calibration technique for highaccuracy 3D machine vision metrology using off-the-shelf tv cameras and lenses},
	year= {1987},
	journal = {IEEE Journal of Robotics and Automation}
}
